@article{olsson2005conservative,
  title={A conservative level set method for two phase flow},
  author={Olsson, Elin and Kreiss, Gunilla},
  journal={Journal of computational physics},
  volume={210},
  number={1},
  pages={225--246},
  year={2005},
  publisher={Elsevier},
  url={http://dx.doi.org/10.1016/j.jcp.2005.04.007}
}
